
@Manual{,
  title = {spadesCBMdefaults},
  author = {{Authors}},
  organization = {Organization},
  address = {Somewhere, Someplace},
  year = {2018},
  url = {},
}
