@Manual{,
  title = "spadesCBMm3ToBiomass",
  author = "First Middle Last",
  organization = "Organization",
  address = "Somewhere, Someplace",
  year = "2020",
  url = "",
}
